<collection xmlns="http://www.loc.gov/MARC21/slim">
<record>
  <leader>01405nam0a2200289 i 450 </leader>
  <controlfield tag="001">IT\ICCU\CNCE\015640</controlfield>
  <controlfield tag="005">19970101000000.0</controlfield>
  <datafield tag="012" ind1=" " ind2=" ">
    <subfield code="a">ioi- i,a- i-do apir (C) 1571 (A)</subfield>
    <subfield code="2">fei</subfield>
  </datafield>
  <datafield tag="100" ind1=" " ind2=" ">
    <subfield code="a">19970101d1571        0itac0103    ba</subfield>
  </datafield>
  <datafield tag="101" ind1=" " ind2=" ">
    <subfield code="a">ITA</subfield>
  </datafield>
  <datafield tag="102" ind1=" " ind2=" ">
    <subfield code="a">IT</subfield>
  </datafield>
  <datafield tag="200" ind1="1" ind2=" ">
    <subfield code="a">Nuoua riforma delli capitoli &amp; dell&apos;ordine, di viuere delli fratelli della Compagnia dello Spirito Santo di Ferrara</subfield>
  </datafield>
  <datafield tag="210" ind1=" " ind2=" ">
    <subfield code="a">In Ferrara</subfield>
    <subfield code="c">per Francesco de&apos; Rossi</subfield>
    <subfield code="d">1571</subfield>
  </datafield>
  <datafield tag="215" ind1=" " ind2=" ">
    <subfield code="a">\20! c.</subfield>
    <subfield code="d">4ʻ</subfield>
  </datafield>
  <datafield tag="620" ind1=" " ind2=" ">
    <subfield code="a">IT</subfield>
    <subfield code="d">Ferrara</subfield>
  </datafield>
  <datafield tag="710" ind1="0" ind2="2">
    <subfield code="a">Confraternita dello Spirito Santo</subfield>
    <subfield code="c"> &lt;Ferrara&gt;</subfield>
    <subfield code="3">IT\ICCU\CNCT\004187</subfield>
  </datafield>
  <datafield tag="712" ind1="0" ind2="0">
    <subfield code="a">Rossi, Francesco</subfield>
    <subfield code="c"> &lt;2.&gt;</subfield>
    <subfield code="3">IT\ICCU\CNCT\000397</subfield>
    <subfield code="4">650</subfield>
  </datafield>
  <datafield tag="791" ind1="0" ind2="2">
    <subfield code="a">Compagnia dello Spirito Santo</subfield>
    <subfield code="c"> &lt;Ferrara&gt;</subfield>
    <subfield code="3">IT\ICCU\CNCT\004188</subfield>
    <subfield code="z">Confraternita dello Spirito Santo &lt;Ferrara&gt;</subfield>
  </datafield>
  <datafield tag="791" ind1="0" ind2="0">
    <subfield code="a">Rubeus, Franciscus</subfield>
    <subfield code="3">IT\ICCU\CNCT\002570</subfield>
    <subfield code="z">Rossi, Francesco &lt;2.&gt;</subfield>
  </datafield>
  <datafield tag="791" ind1="0" ind2="0">
    <subfield code="a">Rubeis, Franciscus de</subfield>
    <subfield code="3">IT\ICCU\CNCT\005397</subfield>
    <subfield code="z">Rossi, Francesco &lt;2.&gt;</subfield>
  </datafield>
  <datafield tag="791" ind1="0" ind2="0">
    <subfield code="a">Roscius, Franciscus</subfield>
    <subfield code="3">IT\ICCU\CNCT\005398</subfield>
    <subfield code="z">Rossi, Francesco &lt;2.&gt;</subfield>
  </datafield>
  <datafield tag="791" ind1="0" ind2="0">
    <subfield code="a">Russus, Franciscus</subfield>
    <subfield code="3">IT\ICCU\CNCT\005399</subfield>
    <subfield code="z">Rossi, Francesco &lt;2.&gt;</subfield>
  </datafield>
  <datafield tag="791" ind1="0" ind2="0">
    <subfield code="a">Rubrius, Franciscus</subfield>
    <subfield code="3">IT\ICCU\CNCT\005400</subfield>
    <subfield code="z">Rossi, Francesco &lt;2.&gt;</subfield>
  </datafield>
  <datafield tag="791" ind1="0" ind2="0">
    <subfield code="a">Rosso, Francesco</subfield>
    <subfield code="3">IT\ICCU\CNCT\005401</subfield>
    <subfield code="z">Rossi, Francesco &lt;2.&gt;</subfield>
  </datafield>
  <datafield tag="801" ind1=" " ind2="3">
    <subfield code="a">IT</subfield>
    <subfield code="b">ICCU</subfield>
    <subfield code="c">20201114</subfield>
  </datafield>
  <datafield tag="899" ind1=" " ind2=" ">
    <subfield code="a">Biblioteca comunale Ariostea. Ferrara</subfield>
    <subfield code="1">FE0017</subfield>
    <subfield code="2">UFE AR</subfield>
  </datafield>
  <datafield tag="899" ind1=" " ind2=" ">
    <subfield code="a">Biblioteca nazionale centrale. Firenze</subfield>
    <subfield code="1">FI0098</subfield>
    <subfield code="2">CFI CF</subfield>
  </datafield>
</record>
</collection>
